/Users/mike/Documents/BibTeX/library.bib